<?xml version="1.0" encoding="UTF-8" ?><marc:collection xmlns:marc="http://www.loc.gov/MARC21/slim" xmlns:xsi="http://www.w3.org/2001/XMLSchema-instance" xsi:schemaLocation="http://www.loc.gov/MARC21/slim http://www.loc.gov/standards/marcxml/schema/MARC21slim.xsd">
<marc:record><marc:leader>03130cam a2200433Ii 4500</marc:leader>
<marc:controlfield tag="001">b12692864</marc:controlfield>
<marc:controlfield tag="003">UaCaAUL</marc:controlfield><marc:controlfield tag="005">20171008114250.0</marc:controlfield><marc:controlfield tag="008">010719m19149999ua       b    000 0 ara d</marc:controlfield><marc:datafield tag="035" ind1=" " ind2=" "><marc:subfield code="a">(OCoLC)318940766</marc:subfield></marc:datafield><marc:datafield tag="040" ind1=" " ind2=" "><marc:subfield code="a">MEAUC</marc:subfield><marc:subfield code="b">eng</marc:subfield><marc:subfield code="e">rda</marc:subfield><marc:subfield code="c">MEAUC</marc:subfield><marc:subfield code="d">OCLCF</marc:subfield><marc:subfield code="d">OCLCO</marc:subfield><marc:subfield code="d">OCL</marc:subfield><marc:subfield code="d">OCLCQ</marc:subfield><marc:subfield code="d">MEAUC</marc:subfield></marc:datafield><marc:datafield tag="043" ind1=" " ind2=" "><marc:subfield code="a">f-ua---</marc:subfield></marc:datafield><marc:datafield tag="049" ind1=" " ind2=" "><marc:subfield code="a">MAIN</marc:subfield></marc:datafield><marc:datafield tag="066" ind1=" " ind2=" "><marc:subfield code="c">(3</marc:subfield></marc:datafield><marc:datafield tag="090" ind1=" " ind2=" "><marc:subfield code="a">DT107</marc:subfield><marc:subfield code="b">.D4212x 1914</marc:subfield></marc:datafield><marc:datafield tag="100" ind1="1" ind2=" "><marc:subfield code="6">880-01</marc:subfield><marc:subfield code="a">Dhuhnī, ʻAbd al-Salām,</marc:subfield><marc:subfield code="e">author.</marc:subfield></marc:datafield><marc:datafield tag="240" ind1="1" ind2="0"><marc:subfield code="a">La responsabilité de l'Etat égyptien à raison de l'exercice de la puissance publique.</marc:subfield><marc:subfield code="l">Arabic.</marc:subfield></marc:datafield><marc:datafield tag="245" ind1="1" ind2="0"><marc:subfield code="6">880-02</marc:subfield><marc:subfield code="a">Masʼūlīyat al-ḥukūmah al-Miṣrīyah bi-iʻtibārihā ṣāḥibat al-wilāyah al-ʻāmmah /</marc:subfield><marc:subfield code="c">taʼlīf ʻAbd al-Salām Dhuhnī, afūkātū amām Maḥkamat al-Istiʼnāf, duktūr fī al-Ḥuqūq (al-ʻulūm al-qānūnīyah).</marc:subfield></marc:datafield><marc:datafield tag="264" ind1=" " ind2="1"><marc:subfield code="6">880-03</marc:subfield><marc:subfield code="a">Miṣr :</marc:subfield><marc:subfield code="b">Maṭbaʻat al-Maʻārif,</marc:subfield><marc:subfield code="c">1914-</marc:subfield></marc:datafield><marc:datafield tag="300" ind1=" " ind2=" "><marc:subfield code="a">volumes &lt;1-2&gt; ;</marc:subfield><marc:subfield code="c">24 cm.</marc:subfield></marc:datafield><marc:datafield tag="336" ind1=" " ind2=" "><marc:subfield code="a">text</marc:subfield><marc:subfield code="b">txt</marc:subfield><marc:subfield code="2">rdacontent.</marc:subfield></marc:datafield><marc:datafield tag="337" ind1=" " ind2=" "><marc:subfield code="a">unmediated</marc:subfield><marc:subfield code="b">n</marc:subfield><marc:subfield code="2">rdamedia.</marc:subfield></marc:datafield><marc:datafield tag="338" ind1=" " ind2=" "><marc:subfield code="a">volume</marc:subfield><marc:subfield code="b">nc</marc:subfield><marc:subfield code="2">rdacarrier.</marc:subfield></marc:datafield><marc:datafield tag="490" ind1="1" ind2=" "><marc:subfield code="6">880-04</marc:subfield><marc:subfield code="a">Muʼallafāt al-Maʻhad al-ʻIlmī al-Sharqī lil-Mabāḥith al-Qānūnīyah wa-al-Ijtimāʻīyah ;</marc:subfield><marc:subfield code="v">al-ḥalaqah 2-3.</marc:subfield></marc:datafield><marc:datafield tag="500" ind1=" " ind2=" "><marc:subfield code="a">Includes errata pages.</marc:subfield></marc:datafield><marc:datafield tag="500" ind1=" " ind2=" "><marc:subfield code="6">880-05</marc:subfield><marc:subfield code="a">At head of title page: Muʼallafāt al-Maʻhad al-ʻIlmī al-Sharqī lil-Mabāḥith al-Qānūnīyah wa-al-Ijtimāʻīyah tunshar taḥta ishrāf al-ustādh Idwār Lambīr, al-mudarris bi-Jāmiʻat Līyūn wa-nāẓir Madrasat al-Ḥuqūq al-Khidīwīyah bi-Miṣr sābiqan.</marc:subfield></marc:datafield><marc:datafield tag="500" ind1=" " ind2=" "><marc:subfield code="a">Translation of: La responsabilité de l'Etat égyptien à raison de l'exercice de la puissance publique.</marc:subfield></marc:datafield><marc:datafield tag="651" ind1=" " ind2="0"><marc:subfield code="a">Egypt</marc:subfield><marc:subfield code="x">Politics and government.</marc:subfield></marc:datafield><marc:datafield tag="830" ind1=" " ind2="0"><marc:subfield code="6">880-06</marc:subfield><marc:subfield code="a">Muʼallafāt al-Maʻhad al-ʻIlmī al-Sharqī lil-Mabāḥith al-Qānūnīyah wa-al-Ijtimāʻīyah ;</marc:subfield><marc:subfield code="v">al-ḥalaqah 2-3.</marc:subfield></marc:datafield><marc:datafield tag="880" ind1="1" ind2=" "><marc:subfield code="6">100-01/(3/r</marc:subfield><marc:subfield code="a">ذهني، عبد السلام..</marc:subfield></marc:datafield><marc:datafield tag="880" ind1="1" ind2="0"><marc:subfield code="6">245-02/(3/r</marc:subfield><marc:subfield code="a">مسئولية الحكومة المصرية باعتبارها صاحبة الولاية العامة /‪</marc:subfield><marc:subfield code="c">تأليف عبد السلام ذهني، أفوكاتو أمام محكمة الاستئناف، دكتور في الحقوق (العلوم القانونية)..</marc:subfield></marc:datafield><marc:datafield tag="880" ind1=" " ind2="1"><marc:subfield code="6">264-03/(3/r</marc:subfield><marc:subfield code="a">مصر :‪</marc:subfield><marc:subfield code="b">مطبعة المعارف،‪</marc:subfield><marc:subfield code="c">1914-</marc:subfield></marc:datafield><marc:datafield tag="880" ind1="1" ind2=" "><marc:subfield code="6">490-04/(3/r</marc:subfield><marc:subfield code="a">مؤلفات المعهد العلمي الشرقي للمباحث القانونية والاجتماعية ؛‪</marc:subfield><marc:subfield code="v">الحلقة 2-3.</marc:subfield></marc:datafield><marc:datafield tag="880" ind1=" " ind2=" "><marc:subfield code="6">500-05/(3/r</marc:subfield><marc:subfield code="a">At head of title page: مؤلفات المعهد العلمي الشرقي للمباحث القانونية والاجتماعية تنشر تحت إشراف الأستاذ ادوار لمبير، المدرس بجامعة ليون وناظر مدرسة الحقوق الخديوية بمصر سابقا..</marc:subfield></marc:datafield><marc:datafield tag="880" ind1=" " ind2="0"><marc:subfield code="6">830-06/(3/r</marc:subfield><marc:subfield code="a">مؤلفات المعهد العلمي الشرقي للمباحث القانونية والاجتماعية ؛‪</marc:subfield><marc:subfield code="v">الحلقة 2-3.</marc:subfield></marc:datafield><marc:datafield tag="907" ind1=" " ind2=" "><marc:subfield code="a">.b12692864</marc:subfield><marc:subfield code="b">main </marc:subfield></marc:datafield><marc:datafield tag="902" ind1=" " ind2=" "><marc:subfield code="a">171012</marc:subfield></marc:datafield><marc:datafield tag="998" ind1=" " ind2=" "><marc:subfield code="b">2</marc:subfield><marc:subfield code="c">010801</marc:subfield><marc:subfield code="d">m</marc:subfield><marc:subfield code="e">a</marc:subfield><marc:subfield code="f">-</marc:subfield><marc:subfield code="g">0</marc:subfield><marc:subfield code="k">MAH</marc:subfield></marc:datafield><marc:datafield tag="945" ind1=" " ind2=" "><marc:subfield code="l">main </marc:subfield><marc:subfield code="u">v.v.1    </marc:subfield></marc:datafield></marc:record>
</marc:collection>
